@IEEEtranBSTCTL{bstctl:etal,
  CTLuse_forced_etal = {yes},
  CTLmax_names_forced_etal = {3},
}

@IEEEtranBSTCTL{bstctl:nodash,
  CTLdash_repeated_names = {no},
}

@IEEEtranBSTCTL{bstctl:simpurl,
  CTLname_url_prefix = {Available: },
}

@MISC{raphel2014,
	author = {Raphel, Adrienne},
	title = "{The Man Who Built Catan}",
	month = feb,
	year = {2014},
	howpublished={\url{http://www.newyorker.com/online/blogs/currency/2014/02/klaus-teuber-the-settlers-of-catan.html}}
}
@MISC{wingrove2011,
	author = {Wingrove, Josh},
	title = "{Settlers of Catan: A low-tech island retreat for a plugged-in generation}",
	month = jun,
	year = {2011},
	howpublished={\url{http://www.theglobeandmail.com/technology/settlers-of-catan-a-low-tech-island-retreat-for-a-plugged-in-generation/article583018/}}
}
@MISC{law2010,
	author = {Law, Keith},
	title = "{Settlers of Catan: Monopoly Killer?}",
	month = nov,
	year = {2010},
	howpublished={\url{http://mentalfloss.com/article/26416/settlers-catan-monopoly-killer}}
}
@MISC{eskin2010,
	author = {Eskin, Blake},
	title = "{Like Monopoly in the Depression, Settlers of Catan is the board game of our time}",
	month = nov,
	year = {2010},
	howpublished={\url{http://www.washingtonpost.com/wp-dyn/content/article/2010/11/24/AR2010112404140.html}}
}
@MISC{catanwebabout,
	author = {Teuber, Klaus},
	title = "{The Official Website for Settlers of Catan - About Us}",
	howpublished={\url{http://www.catan.com/about-us/klaus-teuber}}
}
@MISC{catanwebgames,
	author = {Teuber, Klaus},
	title = "{The Official Website for Settlers of Catan - Electronic Games}",
	howpublished={\url{http://www.catan.com/electronic-games}}
}
@MISC{catanwebrules,
	author = {Teuber, Klaus},
	title = "{The Settlers of Catan Game Rules \& Almanac}",
	month = sep,
	year = {2007},
	howpublished={\url{http://www.catan.com/files/downloads/soc_rv_rules_091907.pdf}}
}
@MISC{detoni,
	author = {De Toni, Steven},
	title = "{Solitaire Settlers of Catan ComputerGame}",
	howpublished={\url{http://sourceforge.net/projects/solitairecatan/}}
}
@MISC{clobusetal,
	author = {Clobus, Roland and Cole, Dave and Heroff, Andy and Hodek, Roman and Langasek, Steve},
	title = "{Pioneers - The Settlers of Catan}",
	howpublished={\url{http://sourceforge.net/projects/pio/}}
}
@MISC{fugate,
	author = {Fugate, Jason},
	title = "{Settlers3D}",
	howpublished={\url{http://sourceforge.net/projects/settlers3d/}}
}
@MISC{monin,
	author = {Monin, Jeremy},
	title = "{JSettlers2 - Java Settlers of Catan}",
	howpublished={\url{http://sourceforge.net/projects/jsettlers2/}}
}
@MISC{maddock,
	author = {Maddock, Samuel},
	title = "{HTML5 Settlers of Catan}",
	howpublished={\url{https://github.com/samuelmaddock/html5-settlers-of-catan}}
}
@MISC{masnick2011,
	author = {Masnick, Mike},
	month = feb,
	year = {2011},
	title = "{How Lawyers For Settlers Of Catan Abuse IP Law To Take Down Perfectly Legal Competitors}",
	howpublished={\url{http://www.techdirt.com/blog/wireless/articles/20110211/21200213066/how-lawyers-settlers-catan-abuse-ip-law-to-take-down-perfectly-legal-competitors.shtml}}
}
@MISC{self2014,
	author = {Costescu, Vladimir},
	title = "{SettlersThesis2014}",
	howpublished={\url{https://github.com/lbds137/settlers-thesis-2014}}
}
